@article{ganai2024hamilton,
  title={Hamilton-jacobi reachability in reinforcement learning: A survey},
  author={Ganai, Milan and Gao, Sicun and Herbert, Sylvia},
  journal={IEEE Open Journal of Control Systems},
  year={2024},
  publisher={IEEE}
}

@article{cohen2023safe,
  title={Safe exploration in model-based reinforcement learning using control barrier functions},
  author={Cohen, Max H and Belta, Calin},
  journal={Automatica},
  volume={147},
  pages={110684},
  year={2023},
  publisher={Elsevier}
}

@article{jackson2024policy,
  title={Policy-guided diffusion},
  author={Jackson, Matthew Thomas and Matthews, Michael Tryfan and Lu, Cong and Ellis, Benjamin and Whiteson, Shimon and Foerster, Jakob},
  journal={arXiv preprint arXiv:2404.06356},
  year={2024}
}

@inproceedings{cousins2022fair,
  title={Fair E3: Efficient welfare-centric fair reinforcement learning},
  author={Cousins, Cyrus and Asadi, Kavosh and Littman, Michael L},
  booktitle={5th Multidisciplinary Conference on Reinforcement Learning and Decision Making. RLDM},
  year={2022}
}

@article{shi2025reinforcement,
  title={Reinforcement learning-based optimal control for Markov jump systems with completely unknown dynamics},
  author={Shi, Xiongtao and Li, Yanjie and Du, Chenglong and Chen, Chaoyang and Zong, Guangdeng and Gui, Weihua},
  journal={Automatica},
  volume={171},
  pages={111886},
  year={2025},
  publisher={Elsevier}
}

@article{yan2023online,
  title={Online non-stochastic control with partial feedback},
  author={Yan, Yu-Hu and Zhao, Peng and Zhou, Zhi-Hua},
  journal={Journal of Machine Learning Research},
  volume={24},
  number={273},
  pages={1--50},
  year={2023}
}