@inproceedings{cbfbible,
    title={Control Barrier Functions: Theory and Applications},
    author={Ames, Coogan, Egerstedt, et al},
    year={2019},
    booktitle={Proceedings of the 18th European Control Conference (ECC)}
    pages={3420--3431}
    publisher={IEEE}
    }

@INPROCEEDINGS{8796030,
  author={Ames, Aaron D. and Coogan, Samuel and Egerstedt, Magnus and Notomista, Gennaro and Sreenath, Koushil and Tabuada, Paulo},
  booktitle={2019 18th European Control Conference (ECC)}, 
  title={Control Barrier Functions: Theory and Applications}, 
  year={2019},
  volume={},
  number={},
  pages={3420-3431},
  doi={10.23919/ECC.2019.8796030}}